@article{zhong:2013,
  title={Similarity maps and hierarchical clustering for annotating {FT-IR} spectral images},
  author={\textbf{Qiaoyong Zhong} and Chen Yang and Frederik Gro{\ss}er{\"u}schkamp and Angela Kallenbach-Thieltges and Peter Serocka and Klaus Gerwert and Axel Mosig},
  journal={BMC Bioinformatics},
  volume={14},
  number={1},
  pages={333},
  year={2013},
  publisher={BioMed Central Ltd}
}

@inproceedings{zhong:2014,
  title = {Identifying minimally redundant wavenumbers for vibrational microspectroscopic image analysis},
  author = {\textbf{Qiaoyong Zhong} and Daniel Niedieker and Dennis Petersen and Klaus Gerwert and Axel Mosig},
  booktitle = {2014 10th International Conference on Natural Computation (ICNC)},
  pages = {856--861}
  year = {2014},
  organization = {IEEE}
}
